<record><leader>00000cas a2200000 a 4500</leader><controlfield tag="001">28527062</controlfield><controlfield tag="008">920521d18uu188unyuwr ne      0    0eng c</controlfield><datafield ind1=" " ind2=" " tag="010"><subfield code="a">sn 98065028 </subfield></datafield><datafield ind1=" " ind2=" " tag="040"><subfield code="a">CGU</subfield><subfield code="b">eng</subfield><subfield code="c">CGU</subfield><subfield code="d">CVF</subfield><subfield code="d">OCL</subfield><subfield code="d">OCLCQ</subfield><subfield code="d">OCLCF</subfield><subfield code="d">OCLCO</subfield></datafield><datafield ind1=" " ind2=" " tag="042"><subfield code="a">pcc</subfield></datafield><datafield ind1=" " ind2=" " tag="043"><subfield code="a">n-us---</subfield></datafield><datafield ind1="0" ind2=" " tag="130"><subfield code="a">Fireman's journal (New York, N.Y.)</subfield></datafield><datafield ind1="1" ind2="4" tag="245"><subfield code="a">The fireman's journal.</subfield></datafield><datafield ind1=" " ind2=" " tag="260"><subfield code="a">New York :</subfield><subfield code="b">Fireman's journal</subfield></datafield><datafield ind1=" " ind2=" " tag="300"><subfield code="a">v. :</subfield><subfield code="b">ill. ;</subfield><subfield code="c">31 cm.</subfield></datafield><datafield ind1=" " ind2=" " tag="310"><subfield code="a">Weekly</subfield></datafield><datafield ind1=" " ind2=" " tag="515"><subfield code="a">&lt;Vol. 5, no. 2-&gt; also called: &lt;whole no. 113-&gt;.</subfield></datafield><datafield ind1=" " ind2=" " tag="515"><subfield code="a">Issues for 1881- lack numeric designation.</subfield></datafield><datafield ind1=" " ind2=" " tag="588"><subfield code="a">Description based on: Jan. 3, 1880.</subfield></datafield><datafield ind1=" " ind2="0" tag="650"><subfield code="a">Fire prevention</subfield><subfield code="z">United States</subfield><subfield code="v">Newspapers.</subfield></datafield><datafield ind1=" " ind2="7" tag="655"><subfield code="a">Newspapers.</subfield><subfield code="2">fast</subfield><subfield code="0">(OCoLC)fst01423814</subfield></datafield><datafield ind1=" " ind2="7" tag="650"><subfield code="a">Fire prevention.</subfield><subfield code="2">fast</subfield><subfield code="0">(OCoLC)fst00925460</subfield></datafield><datafield ind1=" " ind2="7" tag="651"><subfield code="a">United States.</subfield><subfield code="2">fast</subfield><subfield code="0">(OCoLC)fst01204155</subfield></datafield><datafield ind1="0" ind2="0" tag="785"><subfield code="t">Fire and water</subfield><subfield code="w">(DLC)sn 87030280</subfield><subfield code="w">(OCoLC)10241112</subfield></datafield></record>